@manual{anleitung,
	author = {{J.-P. Schr√∂der, D. Palani, O. Orlov, T. Schaetz, U. Warring}},
	title = {Applied Master Lab Course: Diamonds for Sensing Applications},
	date = {2018},
}

@article{doherty,
	author = {{M. W. Doherty, N. B. Manson, P. Delaney, F. Jelezko, J. Wrachtrup, L. C. L. Hollenberg}},
	title = {The nitrogen-vacancy colour centre in diamond},
	journaltitle = {Physics Reports},
	date = {2013},
	issue = {528},
	pages = {1-45},
}
